@article{cirescan,
    author  = "Dan Cireşan and Ueli Meier and Juergen Schmidhuber",
    title   = "Multi-column Deep Neural Networks for Image Classification",
    year    = "2012",
    journal = "CVPR 2012",
    pages   = "3642-3649"
}

@article{feedForwardApprox,
    author  = "Kurt Hornik",
    title   = "Approximation Capabilities of Multilayer Feedforward Networks",
    year    = "1991",
    journal = "Neural Networks",
    volume  = "4(2)",
    pages   = "251–257"
}

@misc{natureOfCode,
  author    = {Daniel Shippman}, 
  title     = {The Nature Of Code},
  howpublished = {\url{https://natureofcode.com/book/}},
  year      = 2012,
  isbn      = {978-0985930806}
}

@article{backprop,
    author = "Rumelhart David E. and Geoffrey E. Hinton and R. J. Williams ",
    title  = "Learning Internal Representations by Error Propagation",
    journal = "Parallel distributed processing: Explorations in the microstructure of cognition",
    volume = {1},
    year   = {1986}
}
 David E. Rumelhart, James L. McClelland, and the PDP research group. (editors), Parallel distributed processing: Explorations in the microstructure of cognition, Volume 1: Foundation. MIT Press, 1986.


@article{convPics,
  title="{A guide to convolution arithmetic for deep learning}",
  author = {{Dumoulin}, Vincent and {Visin}, Francesco},
  journal = {ArXiv e-prints},
  eprint = {1603.07285},
  year={2016},
  month={mar}
}

@article{Adam,
	author  = "Diederik P. Kingma and Jimmy Ba",
    title   = "Adam: A Method for Stochastic Optimization",
    journal = "3rd International Conference for Learning Representations, San Diego" ,
    year  = "2015"
}

@article{SWATS,
  author    = {Nitish Shirish Keskar and
               Richard Socher},
  title     = {Improving Generalization Performance by Switching from Adam to {SGD}},
  journal   = {CoRR},
  volume    = {abs/1712.07628},
  year      = {2017},
  url       = {http://arxiv.org/abs/1712.07628},
  archivePrefix = {arXiv},
  eprint    = {1712.07628},
  timestamp = {Mon, 13 Aug 2018 16:48:22 +0200},
}

@article{Dropout,
  author  = {Nitish Srivastava and Geoffrey Hinton and Alex Krizhevsky and Ilya Sutskever and Ruslan Salakhutdinov},
  title   = {Dropout: A Simple Way to Prevent Neural Networks from Overfitting},
  journal = {Journal of Machine Learning Research},
  year    = {2014},
  volume  = {15},
  pages   = {1929-1958},
  url     = {http://jmlr.org/papers/v15/srivastava14a.html}
}

@article{SpatialDropout,
author={J. Tompson and R. Goroshin and A. Jain and Y. LeCun and C. Bregler},
journal={2015 IEEE Conference on Computer Vision and Pattern Recognition (CVPR)},
title={Efficient object localization using Convolutional Networks},
year={2015},
pages={648-656}
}

@article{fcn,
	author  = "Jonathan Long, Evan Shelhamer, Trevor Darrell",
    title   = "Fully  convolutional  networks  for  semantic
segmentation",
    year    = "2014",
    journal = "arXiv:1411.4038"
}

@article{fineTune,
    author  = "Nima Tajbakhsh and Jae Y. Shin and Suryakanth R. Gurudu and R. Todd Hurst and Christopher B. Kendall and Michael B. Gotway and Jianming Liang",
    title   = "Convolutional Neural Networks for Medical Image
Analysis: Full Training or Fine Tuning?",
    year    = "2016",
    journal = "IEEE Transcations on Medical Imaging",
    volume  = "35(5)",
    pages   = "1299-1312"
}

@article{uNet,
    author  = "Olaf Ronneberger and Philipp Fischer and Thomas Brox",
    title   = "U-Net: Convolutional Networks for Biomedical Image Segmentation",
    year    = "2015",
    journal = "arXiv:1505.04597"
}

@article{UI-Net,
  author    = {Mario Amrehn and
               Sven Gaube and
               Mathias Unberath and
               Frank Schebesch and
               Tim Horz and
               Maddalena Strumia and
               Stefan Steidl and
               Markus Kowarschik and
               Andreas K. Maier},
  title     = {UI-Net: Interactive Artificial Neural Networks for Iterative Image
               Segmentation Based on a User Model},
  journal   = {CoRR},
  volume    = {abs/1709.03450},
  year      = {2017},
  url       = {http://arxiv.org/abs/1709.03450},
  archivePrefix = {arXiv},
  eprint    = {1709.03450},
  timestamp = {Thu, 05 Oct 2017 09:42:55 +0200},
  biburl    = {https://dblp.org/rec/bib/journals/corr/abs-1709-03450},
  bibsource = {dblp computer science bibliography, https://dblp.org}
}

@article{deepIGeoS,
    author  = "Guotai Wang and Maria A. Zuluaga and Wenqi Li and Rosalind Pratt and Premal A. Patel and Michael Aertsen and Tom Doel and
Anna L. David and Jan Deprest and Sébastien Ourselin and Tom Vercauteren",
    title   = "DeepIGeoS: A Deep Interactive Geodesic
Framework for Medical Image Segmentation",
    year    = "2017",
    journal = "arXiv:1707.00652"
}

@article{graphCuts,
    author  = "Yuri Boykov and Marrie-Pierre Jolly",
    title   = "Interactive Graph Cuts for Optimal Boundary \& Region Segmentation of Objects in N-D Images",
    year    = "2001",
    journal = "Proceedings of International Conference on Computer Vision",
    volume  = "I",
    pages   = "105-112"
}

@article{maxFlowMinCut,
    author  = "Dantzig, G.B. and Fulkerson, D.R.",
    title   = "On the max-flow min-cut theorem of networks",
    year    = "1964",
    journal = "RAND corporation"
}

@article{minCut,
    author  = "Yuri Boykov and Vladimir Kolmogorov",
    title   = "An Experimental Comparison of Min-Cut/Max-Flow Algorithms for Energy Minimization in Vision",
    year    = "2004",
    journal = "IEEE Transactions on PAMI",
    volume  = "26",
    pages   = "1124-1137"
}

@article{BottomUpGraphCuts,
    author  = "Jiangyu Liu and Jian Sun",
    title   = "Parallel Graph-cuts by Adaptive Bottom-up Merging",
    year    = "2010",
    journal = "Proceedings of IEEE Conference on Computer Vision and Pattern Recognition",
    pages   = "2181-2188"
}

@article{GridCuts,
    author  = "Ondřej Jamriška and Daniel Sýkora",
    title   = "Cache-efficient Graph Cuts on Structured Grids",
    year    = "2012",
    journal = "Proceedings of IEEE Conference on Computer Vision and Pattern Recognition",
    pages   = "3673-3680"
}

@article{crfAsRNN,
    author  = "Shuai Zheng and Sadeep Jayasumana and Bernardino Romera-Paredes and Vibhav Vineet and Zhizhong Su and Dalong Du and Chang Huang and Philip H. S. Torr",
    title   = "Conditional Random Fields as Recurrent Neural Networks",
    year    = "2016",
    journal = "arXiv:1502.03240"
}

@article{BIFSeg,
    author  = "Guotai Wang and Wenqi Li and Maria A. Zuluaga and Rosalind Pratt and Premal A. Patel and Michael Aertsen and Tom Doel and Anna L. David and Jan Deprest and Sébastien Ourselin and Tom Vercauteren",
	title = "Interactive Medical Image Segmentation using Deep Learning with Image-specific Fine-tuning",
    year = "2018",
    journal = "IEEE",
    doi = "10.1109/TMI.2018.2791721"
}


@article{ResNet,
  author    = {Kaiming He and
               Xiangyu Zhang and
               Shaoqing Ren and
               Jian Sun},
  title     = {Deep Residual Learning for Image Recognition},
  journal   = {CoRR},
  volume    = {abs/1512.03385},
  year      = {2015},
  url       = {http://arxiv.org/abs/1512.03385},
  eprint    = {1512.03385},
}

@article{UResNet,
  author    = {Fabian Isensee and Philipp Kickingereder, 
  Wolfgang Wick and Martin Bendszus and Klaus H. Maier-Hein},
  title     = {Brain Tumor Segmentation and Radiomics
Survival Prediction: Contribution to the BRATS
2017 Challenge},
  journal   = {MICCAI BraTS 2017 proceedings},
  pages     = {100-107},
  year      = {2017},
  url       = {https://www.cbica.upenn.edu/sbia/Spyridon.Bakas/MICCAI_BraTS/MICCAI_BraTS_2017_proceedings_shortPapers.pdf},
}

@misc{uNetGit,
	author = {David Ellis},
    title = {Keras Residual UNet implementation},
    url = {https://github.com/ellisdg/3DUnetCNN}
}

@misc{grabCut,
    author = {Rother, Carsten and Kolmogorov, Vladimir and Blake, Andrew},
    title = {GrabCut -Interactive Foreground Extraction using Iterated Graph Cuts},
    year = {2004},
    url = {https://www.microsoft.com/en-us/research/publication/grabcut-interactive-foreground-extraction-using-iterated-graph-cuts/},
journal = {ACM Transactions on Graphics (SIGGRAPH)}
}


Ethics citations






Progress Citations


@misc{PyMaxFlow,
  title = {PyMaxFlow},
  howpublished = {\url{https://pmneila.github.io/PyMaxflow/}},
  note = {Accessed: 2018-07-25}
}

@misc{gridCutWebsite,
  title = {GridCut},
  howpublished = {\url{http://www.gridcut.com}},
  note = {Accessed: 2018-07-25}
}

@misc{swig,
  title = {SWIG},
  howpublished = {\url{http://www.swig.org}},
  note = {Accessed: 2018-07-25}
}

@misc{Decathlon,
  title = {NIFTI Format Description},
  howpublished = {\url{http://medicaldecathlon.com/}},
  note = {Accessed: 2018-07-04}
}

@misc{Pythran,
    title = {Pythran},
    howpublished = {\url{https://github.com/serge-sans-paille/pythran/}},
    note = {Accessed: 2018-08-19}
}

@misc{NIFTI,
  title = {NIFTI Format Description},
  howpublished = {\url{https://nifti.nimh.nih.gov/nifti-1/}},
  note = {Accessed: 2018-05-25}
}

@misc{NIFTI-reader,
  title = {NIFTI-Reader-JS},
  howpublished = {\url{https://github.com/rii-mango/NIFTI-Reader-JS}},
  note = {Accessed: 2018-05-25}
}

@misc{TLS,
	title = {Transport Layer Security protocol 1.2},
    year = {2008},
    authors = {T. Dierks and E. Rescorla},
    howpublished = {\url{https://tools.ietf.org/html/rfc5246}},
  	note = {Accessed: 2018-05-25}
}

@article{calibration,
  title = 	 {On Calibration of Modern Neural Networks},
  author = 	 {Chuan Guo and Geoff Pleiss and Yu Sun and Kilian Q. Weinberger},
  journal = 	 {Proceedings of the 34th International Conference on Machine Learning},
  pages = 	 {1321--1330},
  year = 	 {2017},
  volume = 	 {70},
}